
@article{rogerPenroseApplications,
  title = {Applications of Negative Dimensional Tensors}, 
  author = {Roger Penrose},
  date = {1971},
  journaltitle = {Combinatorial Mathematics and its Applications},
  pages = {221--244},
  url = {https://homepages.math.uic.edu/~kauffman/Penrose.pdf},
  urldate = {2025-03-04},
  langid = {english}
},

@book{landsbergTensorGeometryAndApplications,
    author = {Landsberg, J. M},
    title = {Tensors: Geometry and Applications},
    publisher = {American Mathematical Society},
    volume = {128},
    series = {Graduate Studies in Mathematic},
    year = {2012},
}
