@misc{wang2018widecompressiontensorring,
      title={Wide Compression: Tensor Ring Nets}, 
      author={Wenqi Wang and Yifan Sun and Brian Eriksson and Wenlin Wang and Vaneet Aggarwal},
      year={2018},
      eprint={1802.09052},
      archivePrefix={arXiv},
      primaryClass={cs.LG},
      url={https://arxiv.org/abs/1802.09052}, 
}
